@inproceedings{zhang2020time,
  title={Time-Aware Transformer-based Network for Clinical Notes Series Prediction},
  author={Zhang, Dongyu and Thadajarassiri, Jidapa and Sen, Cansu and Rundensteiner, Elke},
  booktitle={Proceedings of Machine Learning Research},
  volume={126},
  pages={1--22},
  year={2020},
  organization={Machine Learning for Healthcare}
}

@article{johnson2016mimic,
  title={MIMIC-III, a freely accessible critical care database},
  author={Johnson, Alistair EW and Pollard, Tom J and Shen, Lu and Li-Wei, H Lehman and Feng, Mengling and Ghassemi, Mohammad and Moody, Benjamin and Szolovits, Peter and Celi, Leo Anthony and Mark, Roger G},
  journal={Scientific data},
  volume={3},
  pages={160035},
  year={2016},
  publisher={Nature Publishing Group}
}

@inproceedings{huang2019clinicalbert,
  title={ClinicalBERT: Modeling clinical notes and predicting hospital readmission},
  author={Huang, Kexin and Altosaar, Jaan and Ranganath, Rajesh},
  booktitle={arXiv preprint arXiv:1904.05342},
  year={2019}
}

@inproceedings{devlin2018bert,
  title={BERT: Pre-training of deep bidirectional transformers for language understanding},
  author={Devlin, Jacob and Chang, Ming-Wei and Lee, Kenton and Toutanova, Kristina},
  booktitle={Proceedings of the 2019 Conference of the North American Chapter of the Association for Computational Linguistics: Human Language Technologies},
  volume={1},
  pages={4171--4186},
  year={2019}
}

@inproceedings{baytas2017patient,
  title={Patient subtyping via time-aware LSTM networks},
  author={Baytas, Inci M and Xiao, Cao and Zhang, Xi and Wang, Fei and Jain, Anil K and Zhou, Jiayu},
  booktitle={Proceedings of the 23rd ACM SIGKDD international conference on knowledge discovery and data mining},
  pages={65--74},
  year={2017}
}

@inproceedings{sen2019patient,
  title={Patient-level classification on clinical note sequences guided by attributed hierarchical attention},
  author={Sen, Cansu and Hartvigsen, Thomas and Kong, Xiangnan and Rundensteiner, Elke},
  booktitle={2019 IEEE International Conference on Big Data (Big Data)},
  pages={930--939},
  year={2019},
  organization={IEEE}
}

@inproceedings{vaswani2017attention,
  title={Attention is all you need},
  author={Vaswani, Ashish and Shazeer, Noam and Parmar, Niki and Uszkoreit, Jakob and Jones, Llion and Gomez, Aidan N and Kaiser, {\L}ukasz and Polosukhin, Illia},
  booktitle={Advances in neural information processing systems},
  pages={5998--6008},
  year={2017}
}

@inproceedings{wolf2019huggingface,
  title={Huggingface's transformers: State-of-the-art natural language processing},
  author={Wolf, Thomas and Debut, Lysandre and Sanh, Victor and Chaumond, Julien and Delangue, Clement and Moi, Anthony and Cistac, Pierric and Rault, Tim and Louf, R{\'e}mi and Funtowicz, Morgan and others},
  booktitle={arXiv preprint arXiv:1910.03771},
  year={2019}
}
